%bibliography

@Book{bollingerBands2002,
title = {Bollinger on Bollinger Bands},
author = {J. Bollinger},
publisher = {McGraw-Hill},
year = {2002},
}

@Book{glasserman2003,
title = {Monte Carlo Methods in Financial Engineering},
author = {P. Glasserman},
publisher = {Springer},
year = {2003},
}

@Book{clark2010,
title = {Foreign Exchange Option Pricing: A Practitioners Guide},
author = {I. Clark},
publisher = {Wiley},
year = {2010},
}

@TechReport{wystup2009_fxconv,
author = {D. Reiswich and U. Wystup},
title = {{FX} Volatility Smile Construction},
institution = {Center for Practical Quantitative Finance},
year = {2009},
note = {Research Report No.20},
}

@book{gabillon1991,
  title={The Term Structure of Oil Futures Prices},
  author={Gabillon, J.},
  isbn={9780948061592},
  series={Working Papers: World Petroleum Market},
  url={http://books.google.com.sg/books?id=YVoZAAAACAAJ},
  year={1991},
  publisher={Oxford Institute for Energy Studies}
}

@Article{turnbull_wakeman1991_mm2,
  author = 	 {S. M. Turnbull and L. M. Wakeman},
  title = 	 {A Quick Algorithm for Pricing European Average Options},
  journal = 	 {Journal of Financial and Quantitative Analysis},
  year = 	 {1991},
  volume =	 {26},
  pages =	 {377--389},
}

@ARTICLE{schwartz1997,
title = {The Stochastic Behavior of Commodity Prices: Implications for Valuation and Hedging},
author = { Schwartz, Eduardo S},
year = {1997},
journal = {Journal of Finance},
volume = {52},
number = {3},
pages = {923-73},
}

@MISC{Clewlow99valuingenergy,
    author = {Les Clewlow and Chris Strickland},
    title = {Valuing Energy Options in a One Factor Model Fitted to Forward Prices},
    year = {1999},
}

